\begin{thebibliography}{100} % 100 is a random guess of the total number of
%references
\addtolength{\leftmargin}{0.2in} % sets up alignment with the following line.
\setlength{\itemindent}{-0.2in}
\bibitem[Bon96]{Boney96} Boney, L., Tewfik, A.H., and Hamdy, K.N., ``Digital
Watermarks for Audio Signals," \emph{Proceedings of the Third IEEE
International Conference on Multimedia}, pp. 473-480, June 1996.
\bibitem[Goo94]{MG} Goossens, M., Mittelbach, F., Samarin, \emph{A LaTeX
Companion}, Addison-Wesley, Reading, MA, 1994.
\bibitem[Kop99]{HK} Kopka, H., Daly P.W., \emph{A Guide to LaTeX},
Addison-Wesley, Reading, MA, 1999.
\bibitem[Pan98]{Pan} Pan, D., ``A Tutorial on MPEG/Audio Compression,"
\emph{IEEE Multimedia}, Vol.2, pp.60-74, Summer 1998.
\end{thebibliography}